@article{Kenneth,
  Author  = "Eugene, F. and Kenneth, R.",
  Title   = "The Cross-Section of Expected Stock Returns",
  Journal = "The Journal of Finance",
  Year    = 1993,
  Number  = 2,
  Pages   = "427-465",
  Month   = 7,
  Volume  = 47
}
