@misc{Malanov,
  Author = "Маланов, А.",
  Title = "О биткоине очень просто",
  HowPublished = "https://www.kaspersky.ru/blog/bitcoin-easy-explanation/12668/"
}

@misc{Dembinskaya,
  Author = "Дембинская, Н.",
  Title = "'Киты' против 'хомячков': кто стоит за обвалом биткоина",
  HowPublished = "https://ria.ru/economy/20171223/1511548050.html"
}
